@article{dabov2007image,
  title={Image denoising by sparse 3-D transform-domain collaborative filtering},
  author={Dabov, Kostadin and Foi, Alessandro and Katkovnik, Vladimir and Egiazarian, Karen},
  journal={IEEE Transactions on image processing},
  volume={16},
  number={8},
  pages={2080--2095},
  year={2007},
  publisher={IEEE}
}
@inproceedings{lan2006efficient,
	title={Efficient belief propagation with learned higher-order markov random fields},
	author={Lan, Xiangyang and Roth, Stefan and Huttenlocher, Daniel and Black, Michael J},
	booktitle={European conference on computer vision},
	pages={269--282},
	year={2006},
	organization={Springer}
}
@inproceedings{chen2015learning,
	title={On learning optimized reaction diffusion processes for effective image restoration},
	author={Chen, Yunjin and Yu, Wei and Pock, Thomas},
	booktitle={Proceedings of the IEEE conference on computer vision and pattern recognition},
	pages={5261--5269},
	year={2015}
}
@article{zhang2017beyond,
	title={Beyond a gaussian denoiser: Residual learning of deep cnn for image denoising},
	author={Zhang, Kai and Zuo, Wangmeng and Chen, Yunjin and Meng, Deyu and Zhang, Lei},
	journal={IEEE transactions on image processing},
	volume={26},
	number={7},
	pages={3142--3155},
	year={2017},
	publisher={IEEE}
}
@article{davy2018non,
	title={Non-local video denoising by cnn},
	author={Davy, Axel and Ehret, Thibaud and Morel, Jean-Michel and Arias, Pablo and Facciolo, Gabriele},
	journal={arXiv preprint arXiv:1811.12758},
	year={2018}
}
@article{chen2016trainable,
	title={Trainable nonlinear reaction diffusion: A flexible framework for fast and effective image restoration},
	author={Chen, Yunjin and Pock, Thomas},
	journal={IEEE transactions on pattern analysis and machine intelligence},
	volume={39},
	number={6},
	pages={1256--1272},
	year={2016},
	publisher={IEEE}
}

@inproceedings{roth2005fields,
	title={Fields of experts: A framework for learning image priors},
	author={Roth, Stefan and Black, Michael J},
	booktitle={2005 IEEE Computer Society Conference on Computer Vision and Pattern Recognition (CVPR'05)},
	volume={2},
	pages={860--867},
	year={2005},
	organization={IEEE}
}
